%%%%%%%
% Bibliography for FOMC Predictions
% Christopher Gandrud
%%%%%%%

